@book{katzlindell,
  title     = {Introduction to Modern Cryptography},
  author    = {Jonathan Katz and Yehuda Lindell},
  year      = {2020},
  edition   = {3},
  publisher = {CRC Press}
}

@book{stallings,
  title     = {Cryptography and Network Security: Principles and Practice},
  author    = {William Stallings},
  year      = {2016},
  edition   = {7},
  publisher = {Pearson}
}

@book{hoffstein,
  title     = {An Introduction to Mathematical Cryptography},
  author    = {Jeffrey Hoffstein and Jill Pipher and Joseph H. Silverman},
  year      = {2014},
  edition   = {2},
  publisher = {Springer}
}

@misc{nist_aes,
  title        = {Advanced Encryption Standard (AES)},
  author       = {{National Institute of Standards and Technology}},
  howpublished = {FIPS 197},
  year         = {2001},
  url          = {https://nvlpubs.nist.gov/nistpubs/FIPS/NIST.FIPS.197.pdf}
}

@misc{nist_des,
  title        = {Data Encryption Standard (DES)},
  author       = {{National Institute of Standards and Technology}},
  howpublished = {FIPS 46-3},
  year         = {1999},
  url          = {https://csrc.nist.rip/publications/fips/archive/fips46-3/fips46-3.pdf}
}

@inproceedings{rc4,
  title     = {The Indistinguishability of the RC4 Stream Cipher},
  author    = {Itsik Mantin and Adi Shamir},
  booktitle = {Proceedings of the International Workshop on Fast Software Encryption},
  year      = {2001}
}

@article{seal,
  title   = {SEAL: A High-Speed Stream Cipher},
  author  = {Phil Rogaway and Don Coppersmith},
  journal = {RSA Laboratories Bulletin},
  year    = {1994}
}

@misc{pgp,
  title = {Pretty Good Privacy (PGP)},
  author = {Philip R. Zimmermann},
  year = {1995},
  url = {https://www.philzimmermann.com/EN/essays/WhyPGP.html}
}

@misc{kerberos,
  title = {The Kerberos Network Authentication Service (V5)},
  author = {John T. Kohl and B. Clifford Neuman},
  year = {1993},
  howpublished = {RFC 1510}
}

@article{rsa,
  title   = {A Method for Obtaining Digital Signatures and Public-Key Cryptosystems},
  author  = {R. L. Rivest and A. Shamir and L. Adleman},
  journal = {Communications of the ACM},
  year    = {1978},
  volume  = {21},
  number  = {2},
  pages   = {120--126}
}

@article{diffiehellman,
  title   = {New Directions in Cryptography},
  author  = {Whitfield Diffie and Martin E. Hellman},
  journal = {IEEE Transactions on Information Theory},
  year    = {1976},
  volume  = {22},
  number  = {6},
  pages   = {644--654}
}

@article{euclid,
  title   = {The Euclidean Algorithm and the Greatest Common Divisor},
  author  = {Donald E. Knuth},
  journal = {The Art of Computer Programming},
  year    = {1997}
}

@book{rosen,
  title     = {Discrete Mathematics and Its Applications},
  author    = {Kenneth H. Rosen},
  year      = {2012},
  edition   = {7},
  publisher = {McGraw-Hill}
}

@book{menezes,
  title     = {Handbook of Applied Cryptography},
  author    = {Alfred J. Menezes and Paul C. van Oorschot and Scott A. Vanstone},
  year      = {1996},
  publisher = {CRC Press},
  url       = {https://cacr.uwaterloo.ca/hac/}
}
