@book{menezes1996handbook,
  title={Handbook of Applied Cryptography},
  author={Menezes, Alfred J and van Oorschot, Paul C and Vanstone, Scott A},
  year={1996},
  publisher={CRC Press},
  url={https://cacr.uwaterloo.ca/hac/}
}

@book{bonehshoup2020,
  title={A Graduate Course in Applied Cryptography},
  author={Boneh, Dan and Shoup, Victor},
  year={2020},
  url={https://toc.cryptobook.us/}
}

@misc{rfc5116,
  series = {Request for Comments},
  number = 5116,
  howpublished = {RFC 5116},
  publisher = {IETF},
  author = {Morris Dworkin},
  title = {An Interface and Algorithms for Authenticated Encryption},
  year = {2008},
  url = {https://www.rfc-editor.org/rfc/rfc5116}
}

@techreport{nist80038d,
  title={Recommendation for Block Cipher Modes of Operation: Galois/Counter Mode (GCM) and GMAC},
  author={Dworkin, Morris},
  institution={NIST},
  number={SP 800-38D},
  year={2007},
  url={https://csrc.nist.gov/publications/detail/sp/800-38d/final}
}

@article{diffie1976new,
  title={New Directions in Cryptography},
  author={Diffie, Whitfield and Hellman, Martin E},
  journal={IEEE Transactions on Information Theory},
  volume={22},
  number={6},
  pages={644--654},
  year={1976},
  url={https://ee.stanford.edu/~hellman/publications/24.pdf}
}

@article{rsa1978,
  title={A Method for Obtaining Digital Signatures and Public-Key Cryptosystems},
  author={Rivest, Ronald L and Shamir, Adi and Adleman, Leonard},
  journal={Communications of the ACM},
  volume={21},
  number={2},
  pages={120--126},
  year={1978},
  url={https://people.csail.mit.edu/rivest/Rsapaper.pdf}
}

@inproceedings{biham1991differential,
  title={Differential Cryptanalysis of DES-like Cryptosystems},
  author={Biham, Eli and Shamir, Adi},
  booktitle={Advances in Cryptology—CRYPTO’90},
  pages={2--21},
  year={1991},
  url={https://www.cs.technion.ac.il/~biham/Reports/differential-cryptanalysis-of-des-like.pdf}
}

@inproceedings{kocher1999dpa,
  title={Differential Power Analysis},
  author={Kocher, Paul and Jaffe, Joshua and Jun, Benjamin},
  booktitle={Advances in Cryptology—CRYPTO’99},
  pages={388--397},
  year={1999},
  url={https://link.springer.com/content/pdf/10.1007/3-540-48405-1_25.pdf}
}

@misc{rfc8446,
  series = {Request for Comments},
  number = 8446,
  howpublished = {RFC 8446},
  publisher = {IETF},
  author = {Eric Rescorla},
  title = {The Transport Layer Security (TLS) Protocol Version 1.3},
  year = {2018},
  url = {https://www.rfc-editor.org/rfc/rfc8446}
}

@techreport{fips1804,
  title={Secure Hash Standard (SHS)},
  number={FIPS PUB 180-4},
  institution={NIST},
  year={2015},
  url={https://csrc.nist.gov/publications/detail/fips/180/4/final}
}

@techreport{fips202,
  title={SHA-3 Standard: Permutation-Based Hash and Extendable-Output Functions},
  number={FIPS PUB 202},
  institution={NIST},
  year={2015},
  url={https://csrc.nist.gov/publications/detail/fips/202/final}
}

@article{bertoni2013keccak,
  title={Keccak},
  author={Bertoni, Guido and Daemen, Joan and Peeters, Micha{"e}l and Van Assche, Gilles},
  journal={Advances in Cryptology—EUROCRYPT 2013 Tutorials},
  pages={313--314},
  year={2013},
  url={https://keccak.team/keccak_tutorial.pdf}
}

@techreport{nist80090c,
  title={Recommendation for Random Bit Generator (RBG) Constructions},
  institution={NIST},
  number={SP 800-90C},
  year={2012},
  url={https://csrc.nist.gov/publications/detail/sp/800-90c/draft}
}

@misc{rfc8439,
  series = {Request for Comments},
  number = 8439,
  howpublished = {RFC 8439},
  publisher = {IETF},
  author = {Adam Langley and Yoav Nir and David Benjamin},
  title = {ChaCha20 and Poly1305 for IETF Protocols},
  year = {2018},
  url = {https://www.rfc-editor.org/rfc/rfc8439}
}

@misc{rfc8017,
  series = {Request for Comments},
  number = 8017,
  howpublished = {RFC 8017},
  publisher = {IETF},
  author = {J{"o}rn-Marc Schmidt and others},
  title = {{PKCS} {\#}1: {RSA} Cryptography Specifications Version 2.2},
  year = {2016},
  url = {https://www.rfc-editor.org/rfc/rfc8017}
}

@techreport{nist-sp800-175b,
  title={Guideline for Using Cryptographic Standards in the Federal Government: Directives, Mandates and Policies},
  institution={NIST},
  number={SP 800-175B},
  year={2016},
  url={https://csrc.nist.gov/publications/detail/sp/800-175b/final}
}

@misc{rfc5280,
  series = {Request for Comments},
  number = 5280,
  howpublished = {RFC 5280},
  publisher = {IETF},
  author = {David Cooper and others},
  title = {Internet X.509 Public Key Infrastructure Certificate and Certificate Revocation List (CRL) Profile},
  year = {2008},
  url = {https://www.rfc-editor.org/rfc/rfc5280}
}

@techreport{fips197,
  title={Advanced Encryption Standard (AES)},
  number={FIPS PUB 197},
  institution={NIST},
  year={2001},
  url={https://csrc.nist.gov/publications/detail/fips/197/final}
}

@online{cryptography-aesgcm-docs,
  title        = {AESGCM — cryptography documentation},
  author       = {{The cryptography developers}},
  year         = {2024},
  url          = {https://cryptography.io/en/latest/hazmat/primitives/aead/#aesgcm},
  urldate      = {2025-10-07}
}

@article{shannon1948,
  title={A Mathematical Theory of Communication},
  author={Shannon, Claude E},
  journal={Bell System Technical Journal},
  volume={27},
  number={3},
  pages={379--423},
  year={1948},
  url={https://people.math.harvard.edu/~ctm/home/text/others/shannon/entropy/entropy.pdf}
}

@book{mackay2003itila,
  title={Information Theory, Inference, and Learning Algorithms},
  author={MacKay, David J. C.},
  year={2003},
  publisher={Cambridge University Press},
  url={https://www.inference.org.uk/itila/book.pdf}
}

@book{judson2022abstract,
  title={Abstract Algebra: Theory and Applications},
  author={Judson, Thomas W.},
  edition={2022},
  url={http://abstract.ups.edu/download.html},
  note={Open textbook}
}

@techreport{nist80090b,
  title={Recommendation for the Entropy Sources Used for Random Bit Generation},
  number={NIST SP 800-90B},
  institution={NIST},
  year={2018},
  url={https://csrc.nist.gov/publications/detail/sp/800-90b/final}
}

@book{shoup2009number,
  title={A Computational Introduction to Number Theory and Algebra},
  author={Shoup, Victor},
  year={2009},
  url={https://shoup.net/ntb/}
}

@inproceedings{matsui1993linear,
  title={Linear Cryptanalysis Method for DES Cipher},
  author={Matsui, Mitsuru},
  booktitle={Advances in Cryptology—EUROCRYPT '93},
  year={1993},
  url={https://www.iacr.org/archive/eurocrypt1993/0590/059000386.pdf}
}

@techreport{bernstein2005aes,
  title={Cache-timing attacks on AES},
  author={Bernstein, Daniel J.},
  year={2005},
  url={https://cr.yp.to/antiforgery/cachetiming-20050414.pdf}
}

@article{lucky13,
  title={Lucky Thirteen: Breaking the TLS and DTLS Record Protocols},
  author={AlFardan, Nadhem J. and Paterson, Kenneth G.},
  journal={IEEE Symposium on Security and Privacy},
  year={2013},
  url={https://www.isg.rhul.ac.uk/tls/Lucky13.html}
}

@misc{kasiski-examination,
  title={Kasiski Examination for the Vigen\`ere Cipher},
  author={{Practical Cryptography}},
  year={2020},
  url={https://practicalcryptography.com/cryptanalysis/stochastic-searching/kasiski-examination/}
}

@techreport{friedman1922ioc,
  title={The Index of Coincidence and its Applications in Cryptography},
  author={Friedman, William F.},
  year={1922},
  institution={Riverbank Laboratories},
  url={https://www.nsa.gov/portals/75/documents/news-features/declassified-documents/friedman/Riverbank-Publications/Publications/RB22.pdf}
}

@book{crypto101,
  title={Crypto 101: the introductory book on cryptography},
  author={van Houtven, Laurens},
  year={2016},
  url={https://www.crypto101.io/Crypto101.pdf}
}

@techreport{nist80038a,
  title={Recommendation for Block Cipher Modes of Operation: Methods and Techniques},
  number={NIST SP 800-38A},
  institution={NIST},
  year={2001},
  url={https://csrc.nist.gov/publications/detail/sp/800-38a/final}
}

@online{cryptography-symmetric-docs,
  title        = {Symmetric Encryption — cryptography documentation},
  author       = {{The cryptography developers}},
  year         = {2024},
  url          = {https://cryptography.io/en/latest/hazmat/primitives/symmetric-encryption/},
  urldate      = {2025-10-07}
}

@misc{rfc7465,
  series = {Request for Comments},
  number = 7465,
  howpublished = {RFC 7465},
  publisher = {IETF},
  author = {Alan Melnikov and Yoav Nir},
  title = {Prohibiting RC4 Cipher Suites},
  year = {2015},
  url = {https://www.rfc-editor.org/rfc/rfc7465}
}

@inproceedings{mironov2002rc4,
  title={(Not so) random shuffles of {RC4}},
  author={Mironov, Ilya},
  booktitle={Annual International Cryptology Conference},
  year={2002},
  url={https://link.springer.com/chapter/10.1007/3-540-45708-9_24}
}

@techreport{nist800131a,
  title={Transitioning the Use of Cryptographic Algorithms and Key Lengths},
  number={NIST SP 800-131A Rev.2},
  institution={NIST},
  year={2019},
  url={https://csrc.nist.gov/publications/detail/sp/800-131a/rev-2/final}
}

@inproceedings{biryukov2000a5,
  title={Real Time Cryptanalysis of A5/1 on a PC},
  author={Biryukov, Alex and Shamir, Adi and Wagner, David},
  booktitle={Fast Software Encryption},
  year={2000},
  url={https://link.springer.com/chapter/10.1007/3-540-44706-7_20}
}
