@book{katzlindell,
  title     = {Introduction to Modern Cryptography},
  author    = {Jonathan Katz and Yehuda Lindell},
  year      = {2020},
  edition   = {3},
  publisher = {CRC Press}
}

@book{stallings,
  title     = {Cryptography and Network Security: Principles and Practice},
  author    = {William Stallings},
  year      = {2016},
  edition   = {7},
  publisher = {Pearson}
}

@book{hoffstein,
  title     = {An Introduction to Mathematical Cryptography},
  author    = {Jeffrey Hoffstein and Jill Pipher and Joseph H. Silverman},
  year      = {2014},
  edition   = {2},
  publisher = {Springer}
}

@misc{nist_aes,
  title        = {Advanced Encryption Standard (AES)},
  author       = {{National Institute of Standards and Technology}},
  howpublished = {FIPS 197},
  year         = {2001},
  url          = {https://nvlpubs.nist.gov/nistpubs/FIPS/NIST.FIPS.197.pdf}
}

@misc{nist_des,
  title        = {Data Encryption Standard (DES)},
  author       = {{National Institute of Standards and Technology}},
  howpublished = {FIPS 46-3},
  year         = {1999},
  url          = {https://csrc.nist.rip/publications/fips/archive/fips46-3/fips46-3.pdf}
}

@inproceedings{rc4,
  title     = {The Indistinguishability of the RC4 Stream Cipher},
  author    = {Itsik Mantin and Adi Shamir},
  booktitle = {Proceedings of the International Workshop on Fast Software Encryption},
  year      = {2001}
}

@article{seal,
  title   = {SEAL: A High-Speed Stream Cipher},
  author  = {Phil Rogaway and Don Coppersmith},
  journal = {RSA Laboratories Bulletin},
  year    = {1994}
}

@misc{pgp,
  title = {Pretty Good Privacy (PGP)},
  author = {Philip R. Zimmermann},
  year = {1995},
  url = {https://www.philzimmermann.com/EN/essays/WhyPGP.html}
}

@misc{kerberos,
  title = {The Kerberos Network Authentication Service (V5)},
  author = {John T. Kohl and B. Clifford Neuman},
  year = {1993},
  howpublished = {RFC 1510}
}

@article{rsa,
  title   = {A Method for Obtaining Digital Signatures and Public-Key Cryptosystems},
  author  = {R. L. Rivest and A. Shamir and L. Adleman},
  journal = {Communications of the ACM},
  year    = {1978},
  volume  = {21},
  number  = {2},
  pages   = {120--126}
}

@misc{shoup_nt,
  title        = {A Computational Introduction to Number Theory and Algebra},
  author       = {Victor Shoup},
  year         = {2005},
  howpublished = {Online book},
  url          = {https://shoup.net/ntb/ntb-v2.pdf}
}

@article{diffiehellman,
  title   = {New Directions in Cryptography},
  author  = {Whitfield Diffie and Martin E. Hellman},
  journal = {IEEE Transactions on Information Theory},
  year    = {1976},
  volume  = {22},
  number  = {6},
  pages   = {644--654}
}

@article{euclid,
  title   = {The Euclidean Algorithm and the Greatest Common Divisor},
  author  = {Donald E. Knuth},
  journal = {The Art of Computer Programming},
  year    = {1997}
}

@book{rosen,
  title     = {Discrete Mathematics and Its Applications},
  author    = {Kenneth H. Rosen},
  year      = {2012},
  edition   = {7},
  publisher = {McGraw-Hill}
}

@book{hardywright,
  title     = {An Introduction to the Theory of Numbers},
  author    = {G. H. Hardy and E. M. Wright},
  year      = {2008},
  edition   = {6},
  publisher = {Oxford University Press}
}

@book{nivenzuckermanmontgomery,
  title     = {An Introduction to the Theory of Numbers},
  author    = {Ivan Niven and Herbert S. Zuckerman and Hugh L. Montgomery},
  year      = {1991},
  edition   = {5},
  publisher = {John Wiley and Sons}
}

@misc{eulidalgo,
  title        = {The Euclidean Algorithm},
  author       = {Joriki Il{"a}nen},
  year         = {2024},
  howpublished = {Online notes},
  url          = {https://www.jjj.de/fxt/fxtbook.pdf}
}

@book{menezes,
  title     = {Handbook of Applied Cryptography},
  author    = {Alfred J. Menezes and Paul C. van Oorschot and Scott A. Vanstone},
  year      = {1996},
  publisher = {CRC Press},
  url       = {https://cacr.uwaterloo.ca/hac/}
}

@misc{bonehshoup,
  title        = {A Graduate Course in Applied Cryptography},
  author       = {Dan Boneh and Victor Shoup},
  year         = {2020},
  howpublished = {Online book},
  url          = {https://crypto.stanford.edu/~dabo/cryptobook/}
}

@article{shannon1949,
  title   = {Communication Theory of Secrecy Systems},
  author  = {Claude E. Shannon},
  journal = {Bell System Technical Journal},
  year    = {1949},
  volume  = {28},
  number  = {4},
  pages   = {656--715},
  doi     = {10.1002/j.1538-7305.1949.tb00928.x},
  url     = {https://www.cs.virginia.edu/~evans/cryptography/notes/shannon.pdf}
}

@misc{rfc4949,
  title        = {Internet Security Glossary, Version 2},
  author       = {Russell Shirey},
  year         = {2007},
  howpublished = {RFC 4949},
  url          = {https://www.rfc-editor.org/rfc/rfc4949}
}

@misc{kerckhoffs1883,
  title        = {La cryptographie militaire},
  author       = {Auguste Kerckhoffs},
  year         = {1883},
  howpublished = {Journal des sciences militaires (in French)},
  url          = {https://archive.org/details/lacryptographiem00kercrich}
}

@misc{wikipedia_caesar,
  title        = {Caesar cipher},
  author       = {{Wikipedia contributors}},
  year         = {2024},
  howpublished = {Wikipedia, The Free Encyclopedia},
  url          = {https://en.wikipedia.org/wiki/Caesar_cipher},
  note         = {Accessed 2025-10-06}
}

@misc{wikipedia_vigenere,
  title        = {Vigen\`{e}re cipher},
  author       = {{Wikipedia contributors}},
  year         = {2024},
  howpublished = {Wikipedia, The Free Encyclopedia},
  url          = {https://en.wikipedia.org/wiki/Vigen%C3%A8re_cipher},
  note         = {Accessed 2025-10-06}
}

@misc{rfc8446,
  title        = {The Transport Layer Security (TLS) Protocol Version 1.3},
  author       = {Eric Rescorla},
  year         = {2018},
  howpublished = {RFC 8446},
  url          = {https://www.rfc-editor.org/rfc/rfc8446}
}

@misc{nist_sp_800_57pt1r5,
  title        = {Recommendation for Key Management: Part 1 -- General},
  author       = {Elaine Barker},
  year         = {2020},
  howpublished = {NIST Special Publication 800-57 Part 1 Revision 5},
  url          = {https://doi.org/10.6028/NIST.SP.800-57pt1r5}
}

@misc{bellare_rogaway_notes,
  title        = {Introduction to Modern Cryptography},
  author       = {Mihir Bellare and Phillip Rogaway},
  year         = {2005},
  howpublished = {Course notes},
  url          = {https://web.cs.ucdavis.edu/~rogaway/classes/227/spring05/book/main.pdf}
}

@misc{nist_sp_800_38a,
  title        = {Recommendation for Block Cipher Modes of Operation: Methods and Techniques},
  author       = {Morris Dworkin},
  year         = {2001},
  howpublished = {NIST Special Publication 800-38A},
  url          = {https://csrc.nist.gov/publications/detail/sp/800-38a/final}
}

@misc{nist_sp_800_38d,
  title        = {Recommendation for Block Cipher Modes of Operation: Galois/Counter Mode (GCM) and GMAC},
  author       = {Morris Dworkin},
  year         = {2007},
  howpublished = {NIST Special Publication 800-38D},
  url          = {https://csrc.nist.gov/publications/detail/sp/800-38d/final}
}

@misc{rfc8439,
  title        = {ChaCha20 and Poly1305 for IETF Protocols},
  author       = {Y. Nir and A. Langley},
  year         = {2018},
  howpublished = {RFC 8439},
  url          = {https://www.rfc-editor.org/rfc/rfc8439}
}

@misc{estream,
  title        = {eSTREAM: the ECRYPT Stream Cipher Project},
  author       = {{ECRYPT Project}},
  year         = {2012},
  howpublished = {Final Portfolio},
  url          = {https://www.ecrypt.eu.org/stream/}
}

@misc{nist_sp_800_131a,
  title        = {Transitioning the Use of Cryptographic Algorithms and Key Lengths},
  author       = {Elaine Barker and Allen Roginsky},
  year         = {2019},
  howpublished = {NIST Special Publication 800-131A Rev. 2},
  url          = {https://doi.org/10.6028/NIST.SP.800-131Ar2}
}

@misc{rfc8032,
  title        = {Edwards-Curve Digital Signature Algorithm (EdDSA)},
  author       = {S. Josefsson and I. Liusvaara},
  year         = {2017},
  howpublished = {RFC 8032},
  url          = {https://www.rfc-editor.org/rfc/rfc8032}
}

@misc{nist_sp_800_108,
  title        = {Recommendation for Key Derivation Using Pseudorandom Functions},
  author       = {Elaine Barker and Lily Chen},
  year         = {2009},
  howpublished = {NIST Special Publication 800-108},
  url          = {https://csrc.nist.gov/publications/detail/sp/800-108/final}
}

@misc{nist_sp_800_56c_r2,
  title        = {Recommendation for Key-Derivation Methods in Key-Establishment Schemes},
  author       = {Elaine Barker and Lily Chen},
  year         = {2020},
  howpublished = {NIST Special Publication 800-56C Rev. 2},
  url          = {https://doi.org/10.6028/NIST.SP.800-56Cr2}
}

@misc{nist_sp_800_90a_r1,
  title        = {Recommendation for Random Number Generation Using Deterministic Random Bit Generators},
  author       = {Elaine Barker and John Kelsey},
  year         = {2015},
  howpublished = {NIST Special Publication 800-90A Rev. 1},
  url          = {https://csrc.nist.gov/publications/detail/sp/800-90a/rev-1/final}
}

@misc{rfc6960,
  title        = {X.509 Internet Public Key Infrastructure Online Certificate Status Protocol -- OCSP},
  author       = {M. Myers and R. Ankney and A. Malpani and S. Galperin and C. Adams},
  year         = {2013},
  howpublished = {RFC 6960},
  url          = {https://www.rfc-editor.org/rfc/rfc6960}
}

@misc{rfc2104,
  title        = {HMAC: Keyed-Hashing for Message Authentication},
  author       = {H. Krawczyk and M. Bellare and R. Canetti},
  year         = {1997},
  howpublished = {RFC 2104},
  url          = {https://www.rfc-editor.org/rfc/rfc2104}
}

@misc{nist_sp_800_38b,
  title        = {Recommendation for Block Cipher Modes of Operation: The CMAC Mode for Authentication},
  author       = {Morris Dworkin},
  year         = {2005},
  howpublished = {NIST Special Publication 800-38B},
  url          = {https://csrc.nist.gov/publications/detail/sp/800-38b/final}
}

@misc{nist_sp_800_185,
  title        = {SHA-3 Derived Functions: cSHAKE, KMAC, TupleHash and ParallelHash},
  author       = {John Kelsey and Shu-jen Chang and Ray Perlner},
  year         = {2016},
  howpublished = {NIST Special Publication 800-185},
  url          = {https://csrc.nist.gov/publications/detail/sp/800-185/final}
}

@misc{rfc4120,
  title        = {The Kerberos Network Authentication Service (V5)},
  author       = {C. Neuman and T. Yu and S. Hartman and K. Raeburn},
  year         = {2005},
  howpublished = {RFC 4120},
  url          = {https://www.rfc-editor.org/rfc/rfc4120}
}

@misc{rfc4880,
  title        = {OpenPGP Message Format},
  author       = {J. Callas and L. Donnerhacke and H. Finney and D. Shaw and R. Thayer},
  year         = {2007},
  howpublished = {RFC 4880},
  url          = {https://www.rfc-editor.org/rfc/rfc4880}
}

@misc{heys_tutorial,
  title        = {A Tutorial on Linear and Differential Cryptanalysis},
  author       = {Howard M. Heys},
  year         = {1997},
  howpublished = {Online tutorial},
  url          = {http://www.engr.mun.ca/~howard/PAPERS/ldc_tutorial.pdf}
}

@misc{chaum_blind,
  title        = {Blind Signatures for Untraceable Payments},
  author       = {David Chaum},
  year         = {1983},
  howpublished = {Advances in Cryptology: Proceedings of CRYPTO '82},
  url          = {https://www.chaum.com/publications/Chaum-blind-signatures.PDF}
}

@misc{nist_sp_800_67r2,
  title        = {Recommendation for the Triple Data Encryption Algorithm (TDEA) Block Cipher},
  author       = {Elaine Barker and John Kelsey},
  year         = {2017},
  howpublished = {NIST Special Publication 800-67 Rev. 2},
  url          = {https://csrc.nist.gov/publications/detail/sp/800-67/rev-2/final}
}

@misc{rfc5280,
  title        = {Internet X.509 Public Key Infrastructure Certificate and Certificate Revocation List (CRL) Profile},
  author       = {David Cooper and Stefan Santesson and Stephen Farrell and Sharon Boeyen and Russell Housley and Tim Polk},
  year         = {2008},
  howpublished = {RFC 5280},
  url          = {https://www.rfc-editor.org/rfc/rfc5280}
}

@misc{fips180-4,
  title        = {Secure Hash Standard (SHS)},
  author       = {{National Institute of Standards and Technology}},
  year         = {2015},
  howpublished = {FIPS PUB 180-4},
  url          = {https://doi.org/10.6028/NIST.FIPS.180-4}
}

@misc{fips202,
  title        = {SHA-3 Standard: Permutation-Based Hash and Extendable-Output Functions},
  author       = {{National Institute of Standards and Technology}},
  year         = {2015},
  howpublished = {FIPS PUB 202},
  url          = {https://doi.org/10.6028/NIST.FIPS.202}
}

@misc{rfc8017,
  title        = {PKCS #1: RSA Cryptography Specifications Version 2.2},
  author       = {J{"o}rg Schaad and Burt Kaliski and Russell Housley and Jim Randall and Quynh Dang},
  year         = {2016},
  howpublished = {RFC 8017},
  url          = {https://www.rfc-editor.org/rfc/rfc8017}
}

@misc{fips186-5,
  title        = {Digital Signature Standard (DSS)},
  author       = {{National Institute of Standards and Technology}},
  year         = {2023},
  howpublished = {FIPS PUB 186-5},
  url          = {https://doi.org/10.6028/NIST.FIPS.186-5}
}

@misc{nist_sp_800_56a_r3,
  title        = {Recommendation for Pair-Wise Key-Establishment Schemes Using Discrete Logarithm Cryptography},
  author       = {Elaine Barker and Lily Chen},
  year         = {2018},
  howpublished = {NIST SP 800-56A Rev. 3},
  url          = {https://doi.org/10.6028/NIST.SP.800-56Ar3}
}

@misc{rfc6979,
  title        = {Deterministic Usage of the Digital Signature Algorithm (DSA) and Elliptic Curve Digital Signature Algorithm (ECDSA)},
  author       = {Thomas Pornin},
  year         = {2013},
  howpublished = {RFC 6979},
  url          = {https://www.rfc-editor.org/rfc/rfc6979}
}
