% Bibliography entries for materi2 go here.
